@online{nesterenko-disser,
  title    = {Математические методы обеспечения
              защищенного взаимодействия средств
              защиты информации},
  url      = {https://dissovet.msu.ru/download/4cab3142-14d6-11ee-99c4-005056b96f20},
  urldate  = {2024-01-15},
  language = {русский},
  media    = {msu}
}
@inproceedings{krypta-rozhok,
  title  = {Криптографические методы защиты информации},
  author = {А.Б. Лось, А.Ю. Нестеренко, М.И. Рожков},
  year   = {2016}
}
@inproceedings{cohen-cornach,
  title  = {Course In Computational Algebraic Number Theory},
  author = {Cohen H.},
  year   = {1996}
}
@inproceedings{montgomery-curve,
  title  = {Speeding the Pollard and elliptic curve methods of factorization},
  author = {Montgomery P.L.},
  year   = {1987}
}
@online{montgomery-formulas,
  title    = {XZ coordinates for Montgomery curves},
  url      = {https://www.hyperelliptic.org/EFD/g1p/auto-montgom-xz.html},
  urldate  = {2024-01-15},
  language = {english},
  media    = {eresource}
}
@online{edwards-curve,
  title    = {Twisted Edwards Curve},
  url      = {https://eprint.iacr.org/2008/013.pdf},
  author   = {D. Bernstein, P. Birkner, M. Joye et al.},
  urldate  = {2024-01-15},
  language = {english},
  media    = {eresource}
}
@online{edwards-formulas,
  title    = {Projective coordinates for twisted Edwards curves},
  url      = {https://www.hyperelliptic.org/EFD/g1p/auto-twisted-projective.html},
  urldate  = {2024-01-15},
  language = {english},
  media    = {eresource}
}
@inproceedings{hadano-curve,
  title  = {Conductor of Elliptic Curves with Complex Multiplication and Elliptic Curves with Prime Conductor},
  author = {Hadano T.},
  year   = {1975}
}
@inproceedings{lang-elliptic,
  title  = {Эллиптические функции},
  author = {Ленг С.},
  year   = {1984}
}
@online{weierstrass-formulas,
  title    = {Projective coordinates for short Weierstrass curves},
  url      = {https://www.hyperelliptic.org/EFD/g1p/auto-shortw-projective.html},
  urldate  = {2024-01-15},
  language = {english},
  media    = {eresource}
}

@inproceedings{endo-reshetka,
  title        = {Алгебраическая теория чисел},
  author       = {Под ред. Дж. Касселс, А. Фрёлих.},
  year         = {1969},
  organization = {МИР}
}